<?xml version="1.0" encoding="UTF-8"?><record xmlns="http://www.loc.gov/MARC21/slim" xmlns:cinclude="http://apache.org/cocoon/include/1.0" xmlns:zs="http://www.loc.gov/zing/srw/">
  <leader>00472cz  a2200133n  4500</leader>
  <controlfield tag="001">n  85387170 </controlfield>
  <controlfield tag="003">DLC</controlfield>
  <controlfield tag="005">20080430075539.0</controlfield>
  <controlfield tag="008">860227n| acannaabn          |n aaa      </controlfield>
  <datafield tag="010" ind1=" " ind2=" ">
    <subfield code="a">n  85387170 </subfield>
  </datafield>
  <datafield tag="035" ind1=" " ind2=" ">
    <subfield code="a">(OCoLC)oca01531914</subfield>
  </datafield>
  <datafield tag="040" ind1=" " ind2=" ">
    <subfield code="a">DNLM</subfield>
    <subfield code="b">eng</subfield>
    <subfield code="c">DLC</subfield>
    <subfield code="d">DLC</subfield>
    <subfield code="d">OCoLC</subfield>
  </datafield>
  <datafield tag="100" ind1="1" ind2=" ">
    <subfield code="a">Seidner, Kristin</subfield>
  </datafield>
  <datafield tag="670" ind1=" " ind2=" ">
    <subfield code="a">Basic living skills in occupational therapy [VR] c1984:</subfield>
    <subfield code="b">credit frame (Kristin Seidner, OTR) label (M.S.W., Sch. of Allied Health Sciences, Univ. of Tex. Med. Branch)</subfield>
  </datafield>
</record>